
@inproceedings{dangelo_sdr_2022,
	address = {Seattle, WA, USA},
	title = {{SDR} {Calculations} {Involving} {Geometry} {Movement} {After} {Shutdown}},
	author = {D'Angelo, Chelsea and WILSON, Paul P. H.},
	month = sep,
	year = {2022},
	file = {D'Angelo and WILSON - SDR Calculations Involving Geometry Movement After.pdf:/Users/ppwilson/Zotero/storage/Q8WIBVAZ/D'Angelo and WILSON - SDR Calculations Involving Geometry Movement After.pdf:application/pdf},
}
