
@techreport{palmieri_analysis_2021,
	title = {Analysis of the {Case} for {FederalSupport} of {Micro}-{Scale} {Nuclear} {Reactors} to {Provide} {Secure} {Power} at {U}.{S}. {Government} {Installations}},
	url = {https://uwmadison.app.box.com/v/wi-microreactor-government},
	language = {English},
	institution = {University of Wisconsin-Madison},
	author = {Palmieri, Thomas M. and Corradini, Michael L. and Wilson, Paul P.H.},
	month = may,
	year = {2021},
	pages = {163},
	file = {Palmieri et al. - 2021 - Analysis of the Case for FederalSupport of Micro-S.pdf:/Users/ppwilson/Zotero/storage/IQCV5JV9/Palmieri et al. - 2021 - Analysis of the Case for FederalSupport of Micro-S.pdf:application/pdf},
}
